@book{veit,
  Author = {Stan Veit},
  Title = {Stan Veit's History of the Personal Computer},
  Publisher = {WorldComm},
  Year = {1993},
  ISBN = {1566640237},
  URL = {http://www.amazon.com/Stan-Veits-History-Personal-Computer/dp/1566640237%3FSubscriptionId%3D0JYN1NVW651KCA56C102%26tag%3Dtechkie-20%26linkCode%3Dxm2%26camp%3D2025%26creative%3D165953%26creativeASIN%3D1566640237}
}                  
@book{goto,
  Author = {Steve Lohr},
  Title = {Go To: The Story of the Math Majors, Bridge Players, Engineers, Chess Wizards, Maverick Scientists and Iconoclasts--The Programmers Who Created the Software Revolution},
  Publisher = {Basic Books},
  Year = {2002},
  ISBN = {0465042260},
  URL = {http://www.amazon.com/Engineers-Scientists-Iconoclasts-The-Programmers-Revolution/dp/0465042260%3FSubscriptionId%3D0JYN1NVW651KCA56C102%26tag%3Dtechkie-20%26linkCode%3Dxm2%26camp%3D2025%26creative%3D165953%26creativeASIN%3D0465042260}
}                  

@Misc{steve_jobs_interview,
  author =    {Paul Sen},
  title =     {Steve Jobs: The Lost Interview},
  year =      2012}

@article{wing_computational_thinking,
 author = {Wing, Jeannette M.},
 title = {Computational thinking},
 journal = {Commun. ACM},
 issue_date = {March 2006},
 volume = {49},
 number = {3},
 month = mar,
 year = {2006},
 issn = {0001-0782},
 pages = {33--35},
 numpages = {3},
 url = {http://doi.acm.org/10.1145/1118178.1118215},
 doi = {10.1145/1118178.1118215},
 acmid = {1118215},
 publisher = {ACM},
 address = {New York, NY, USA},
 url = {http://www.cs.cmu.edu/afs/cs/usr/wing/www/publications/Wing06.pdf}
} 


@book{man_and_computer,
  Author = {John Kemeny},
  Title = {Man and the Computer},
  Publisher = {Simon Schuster Trade},
  Year = 1972,
  ISBN = 0684130432,
  URL = {http://www.amazon.com/Man-Computer-John-Kemeny/dp/0684130432}
}

@book{backtobasic,
  Author = {John G. Kemeny and Thomas E. Kurtz},
  Title = {Back to {BASIC}: The History, Corruption, and Future of the Language},
  Publisher = {Addison-Wesley (C)},
  Year = 1985,
  ISBN = 0201134330,
  URL = {http://www.amazon.com/Back-BASIC-History-Corruption-Language/dp/0201134330}
}

@book{Wexelblat:1978:HPL:800025,
 editor = {Wexelblat, Richard L.},
 title = {History of programming languages I},
 year = {1981},
 isbn = {0-12-745040-8},
 publisher = {ACM},
 address = {New York, NY, USA},
} 

@InProceedings{corbato62timesharing,
  author =       {F.J. Corbat\'{o} and M. Merwin-Daggett and R.C. Daley},
  title =        {An experimental time sharing system},
  booktitle = {{AFIPS} Conference},
  year =      1962,
  volume =    21,
  address =   {Palo Alto, CA},
  publisher = {National Press}}


@TechReport{dartmouth_basic_manual,
  author =       {{Dartmouth College Computation Center}},
  title =        {{BASIC}: A Manual for {BASIC}, the elementary algebraic language designed for use with the Dartmouth Time Sharing System},
  institution =  {Dartmouth College Computation Center},
  year =         1964,
  url = {http://www.cs.bris.ac.uk/~dave/basic.pdf},
  address =   {Hanover, New Hampshire}}

@Misc{smithsonian_interview,
  author =    {David Allison},
  title =     {Transcript of a video history interview with Bill Gates},
  howpublished = {http://americanhistory.si.edu/comphist/gates.htm},
  year =      1994}

@book{programmers_at_work,
  Author = {Susan M. Lammers},
  Title = {Programmers at Work: Interviews With 19 Programmers Who Shaped the Computer Industry (Tempus)},
  Publisher = {Tempus Books},
  Year = 1989,
  ISBN = 1556152116,
  URL = {http://www.amazon.com/Programmers-Work-Interviews-Computer-Industry/dp/1556152116}
}

@Misc{codinghorror_basic,
  author =    {Jeff Atwood},
  title =     {Everything {I} Needed to Know About Programming {I} Learned from {BASIC}},
  URL = {http://www.codinghorror.com/blog/2008/04/everything-i-needed-to-know-about-programming-i-learned-from-basic.html},
  month =     {April},
  year =      2008}

@Article{edn75:6502,
  author =       {Robert H. Cushman},
  title =        {2-1/2-generation $\mu$P's-\$10 parts that perform like low-end mini's},
  journal =      {Electronic Design News},
  year =         1975,
  pages =     {36--41},
  month =     {Sep},
  note =      {Sep 20, 1975},
  url = {http://www.swtpc.com/mholley/Microprocessors/EDN_Sep_20_1975_6502.pdf}
}

@Article{byte75:6502,
  author =       {Daniel Fylstra},
  title =        {Son of {M}otorola (or, the \$20 {CPU} Chip)},
  journal =      {{BYTE}},
  year =         1975,
  volume =    0,
  number =    3,
  pages =     {56--62},
  month =     {Nov},
  url = {http://malus.exotica.org.uk/~buzz/byte/pdf/BYTE%20Vol%2000-03%201975-11%20Is%20This%20Next.pdf}}

@book{ceruzzi,
  Author = {Paul E. Ceruzzi},
  Title = {A History of Modern Computing (History of Computing)},
  Publisher = {The MIT Press},
  Year = {2003},
  ISBN = {0262532034},
  URL = {http://www.amazon.com/History-Modern-Computing/dp/0262532034}
}

@ARTICLE{kahan_interview, 
author={Severance, C.}, 
journal={Computer}, title={IEEE 754: An Interview with William Kahan}, 
year={1998}, 
volume={31}, 
number={3}, 
pages={114-115}, 
keywords={Computer science;Floating-point arithmetic;Hardware;Interviews;Libraries;Military computing;Proposals;Springs}, 
doi={10.1109/MC.1998.660194}, 
ISSN={0018-9162},}

@book{commodore,
  Author = {Brian Bagnall},
  Title = {Commodore: A Company on the Edge},
  Publisher = {Variant Press},
  Year = 2010,
  ISBN = 0973864966,
  URL = {http://www.amazon.com/Commodore-Company-Edge-Brian-Bagnall/dp/0973864966}
}

@Article{goto_considered_harmful,
  author =       {Edsger W. Dijkstra},
  title =        {Go To Statement Considered Harmful},
  journal =      {Communications of the {ACM}},
  year =         1968,
  volume =    11,
  number =    3,
  pages =     {147--148},
  month =     {March}}

